@misc{cirrus,
  author = {{EPCC}},
  title = {{Cirrus}},
  year = 2020,
  url = {https://www.cirrus.ac.uk},
}

@misc{cirrus_hardware,
  author = {{EPCC}},
  title = {{Cirrus Hardware}},
  year = 2020,
  url = {http://www.cirrus.ac.uk/about/hardware.html},
}

@misc{ifort18,
  author = {{Intel}},
  title  = {{Intel Fortran Compiler 18.0 for Linux}},
  year   = 2018,
  url    = {https://software.intel.com/en-us/articles/intel-fortran-compiler-180-for-linux-release-notes-for-intel-parallel-studio-xe-2018}
}

@misc{ifort19,
  author = {{Intel}},
  title  = {{Intel Fortran Compiler 19.0 for Linux}},
  year   = 2019,
  url    = {https://software.intel.com/en-us/articles/intel-fortran-compiler-190-for-linux-release-notes-for-intel-parallel-studio-xe-2019#new_features},
}

@misc{avx2,
  author={Mark Buxton},
  title={{Haswell New Instruction Descriptions Now Available!}},
  year=2011,
  url={https://software.intel.com/en-us/blogs/2011/06/13/haswell-new-instruction-descriptions-now-available/},
}

@misc{fortran_formats,
  author={C. K. Shene},
  title={{Fortran Formats}},
  year=2020,
  url={https://pages.mtu.edu/~shene/COURSES/cs201/NOTES/chap05/format.html},
}

@book{feynman1963,
publisher = {Addison-Wesley Pub. Co.},
isbn = {0201020106},
year = {1963},
title = {The Feynman lectures on physics},
language = {eng},
address = {Reading, Mass. ; London},
author = {Feynman, Richard P. (Richard Philipps)},
keywords = {Physics},
}
